@techreport{robins87,
author = {Robins, Gabriel},
title = {The {ISI} grapher: a portable tool for displaying graphs pictorially (ISI/RS-87-196)},
institution = {University of South California},
year = {1987},
month = {September}
}

